@inproceedings{Ando2007,
author = {Ando, Shin},
title = {Clustering Needles in a Haystack: An Information Theoretic Analysis of Minority and Outlier Detection},
booktitle = {Proceedings of the 2007 Seventh IEEE International Conference on Data Mining},
series = {ICDM '07},
year = {2007},
isbn = {0-7695-3018-4},
pages = {13--22},
numpages = {10},
doi = {10.1109/ICDM.2007.53},
acmid = {1442157},
publisher = {IEEE Computer Society},
address = {Washington, DC, USA},
} 

@inproceedings{Chow2002,
author = {Chow, Calvin},
title = {Parzen-Window Network Intrusion Detectors},
booktitle = {Proceedings of the 16 th International Conference on Pattern Recognition (ICPR'02) Volume 4 - Volume 4},
series = {ICPR '02},
year = {2002},
isbn = {0-7695-1695-X},
pages = {40385--},
acmid = {848602},
publisher = {IEEE Computer Society},
address = {Washington, DC, USA},
} 

@inproceedings{Eskin2000,
author = {Eskin, Eleazar},
title = {Anomaly Detection over Noisy Data Using Learned Probability Distributions},
booktitle = {Proceedings of the Seventeenth International Conference on Machine Learning},
series = {ICML '00},
year = {2000},
isbn = {1-55860-707-2},
pages = {255--262},
numpages = {8},
acmid = {658128},
publisher = {Morgan Kaufmann Publishers Inc.},
address = {San Francisco, CA, USA},
} 


@article{He2003,
author = {He, Zengyou and Xu, Xiaofei and Deng, Shengchun},
title = {Discovering Cluster-based Local Outliers},
journal = {Pattern Recogn. Lett.},
issue_date = {01 June 2003},
volume = {24},
number = {9-10},
month = jun,
year = {2003},
issn = {0167-8655},
pages = {1641--1650},
numpages = {10},
doi = {10.1016/S0167-8655(03)00003-5},
acmid = {770389},
publisher = {Elsevier Science Inc.},
address = {New York, NY, USA},
keywords = {clustering, data mining, outlier detection},
} 

@inproceedings{Barbara2001,
author = {Barbara, D. and Wu, N. and Jajodia, S.},
booktitle = {Proc. SIAM Intl. Conf. Data Mining},
description = {graph mining },
keywords = {imported},
title = {Detecting Novel Network Intrusions using Bayes Estimators},
year = {2001},
}

@article{Otey2006,
year={2006},
issn={1384-5810},
journal={Data Mining and Knowledge Discovery},
volume={12},
number={2-3},
doi={10.1007/s10618-005-0014-6},
title={Fast Distributed Outlier Detection in Mixed-Attribute Data Sets},
publisher={Kluwer Academic Publishers-Plenum Publishers},
author={Otey, MatthewEric and Ghoting, Amol and Parthasarathy, Srinivasan},
pages={203-228},
language={English}
}


@article{Stefano2000, 
author={De Stefano, C. and Sansone, C. and Vento, M.}, 
journal={Systems, Man, and Cybernetics, Part C: Applications and Reviews, IEEE Transactions on}, 
title={To reject or not to reject: that is the question-an answer in case of neural classifiers}, 
year={2000}, 
month={Feb}, 
volume={30}, 
number={1}, 
pages={84-94}, 
doi={10.1109/5326.827457}, 
ISSN={1094-6977},
}

@article{Chandola2009,
author = {Chandola, Varun and Banerjee, Arindam and Kumar, Vipin},
title = {Anomaly Detection: A Survey},
journal = {ACM Comput. Surv.},
issue_date = {July 2009},
volume = {41},
number = {3},
month = jul,
year = {2009},
issn = {0360-0300},
pages = {15:1--15:58},
articleno = {15},
numpages = {58},
doi = {10.1145/1541880.1541882},
acmid = {1541882},
publisher = {ACM},
address = {New York, NY, USA},
keywords = {Anomaly detection, outlier detection},
} 


@inproceedings{Fadlil2013,
author = {Fadlil, Junaidillah and Pao, Hsing-Kuo and Lee, Yuh-Jye},
title = {Anomaly Detection on ITS Data via View Association},
booktitle = {Proceedings of the ACM SIGKDD Workshop on Outlier Detection and Description},
series = {ODD '13},
year = {2013},
isbn = {978-1-4503-2335-2},
location = {Chicago, Illinois},
pages = {22--30},
numpages = {9},
doi = {10.1145/2500853.2500859},
acmid = {2500859},
publisher = {ACM},
address = {New York, NY, USA},
keywords = {anomaly detection, association, intelligent transportation system (ITS), manifold learning, trajectory},
} 

@article{Thottan2003, 
author={Thottan, M. and Chuanyi Ji}, 
journal={Signal Processing, IEEE Transactions on}, 
title={Anomaly detection in IP networks}, 
year={2003}, 
month={Aug}, 
volume={51}, 
number={8}, 
pages={2191-2204}, 
doi={10.1109/TSP.2003.814797}, 
ISSN={1053-587X},
}

@article{Agovic2009,
author = {Agovic, Amrudin and Banerjee, Arindam and Ganguly, Auroop and Protopopescu, Vladimir},
title = {Anomaly Detection Using Manifold Embedding and Its Applications in Transportation Corridors},
journal = {Intell. Data Anal.},
issue_date = {August 2009},
volume = {13},
number = {3},
month = aug,
year = {2009},
issn = {1088-467X},
pages = {435--455},
numpages = {21},
acmid = {1551772},
publisher = {IOS Press},
address = {Amsterdam, The Netherlands, The Netherlands},
} 

@inproceedings{Sengar2009, 
author={Sengar, H. and Xinyuan Wang and Haining Wang and Wijesekera, D. and Jajodia, S.}, 
booktitle={Quality of Service, 2009. IWQoS. 17th International Workshop on}, 
title={Online detection of network traffic anomalies using behavioral distance}, 
year={2009}, 
month={July}, 
pages={1-9},
doi={10.1109/IWQoS.2009.5201415}, 
ISSN={1548-615X},
}

@article{Kind2009,
author = {Kind, A. and Stoecklin, M. P. and Dimitropoulos, X.},
title = {Histogram-based Traffic Anomaly Detection},
journal = {IEEE Trans. on Netw. and Serv. Manag.},
issue_date = {June 2009},
volume = {6},
number = {2},
month = jun,
year = {2009},
issn = {1932-4537},
pages = {110--121},
numpages = {12},
doi = {10.1109/TNSM.2009.090604},
acmid = {2209045},
publisher = {IEEE Press},
address = {Piscataway, NJ, USA},
keywords = {Computer network security, monitoring, clustering methods},
}

@inproceedings{Fu2009,
author = {Fu, Qiang and Lou, Jian-Guang and Wang, Yi and Li, Jiang},
title = {Execution Anomaly Detection in Distributed Systems Through Unstructured Log Analysis},
booktitle = {Proceedings of the 2009 Ninth IEEE International Conference on Data Mining},
series = {ICDM '09},
year = {2009},
isbn = {978-0-7695-3895-2},
pages = {149--158},
numpages = {10},
doi = {10.1109/ICDM.2009.60},
acmid = {1677044},
publisher = {IEEE Computer Society},
address = {Washington, DC, USA},
keywords = {log analysis, distributed system, problem diagnosis, finite state automaton},
} 

@article{Yuan2013,
author = {Nicholas Jing Yuan and Yingzi Wang and Fuzheng Zhang and Xing Xie and Guangzhong Sun},
title = {Reconstructing Individual Mobility from Smart Card Transactions: A Space Alignment Approach},
journal ={2013 IEEE 13th International Conference on Data Mining},
volume = {0},
issn = {1550-4786},
year = {2013},
pages = {877-886},
publisher = {IEEE Computer Society},
address = {Los Alamitos, CA, USA},
}

@paper{Hoang2012,
author = {Tuan-Anh Hoang and Ee-Peng Lim},
title = {Virality and Susceptibility in Information Diffusions},
conference = {International AAAI Conference on Weblogs and Social Media},
year = {2012},
}

@article{Wu2004,
author = {Wu, F. and Huberman, B.A. and Adamic, L.A. and Tyler, J.R.},
journal = {Physica A: Statistical Mechanics and its Applications},
number = {1-2},
pages = {327--335},
publisher = {Elsevier},
title = {Information flow in social groups},
volume = 337,
year = 2004
}

@article{Mihm2010,
author = {Mihm, J\"{u}rgen and Loch, Christoph H. and Wilkinson, Dennis and Huberman, Bernardo A.},
title = {Hierarchical Structure and Search in Complex Organizations},
journal = {Manage. Sci.},
issue_date = {May 2010},
volume = {56},
number = {5},
month = may,
year = {2010},
issn = {0025-1909},
pages = {831--848},
numpages = {18},
doi = {10.1287/mnsc.1100.1148},
acmid = {1804364},
publisher = {INFORMS},
address = {Institute for Operations Research and the Management Sciences (INFORMS), Linthicum, Maryland, USA},
keywords = {complexity, coordination, decentralized problem solving, hierarchy, oscillations, search},
}

@incollection{Huberman2004,
year={2004},
isbn={978-3-540-22354-2},
booktitle={Complex Networks},
volume={650},
series={Lecture Notes in Physics},
editor={Ben-Naim, Eli and Frauenfelder, Hans and Toroczkai, Zoltan},
doi={10.1007/978-3-540-44485-5_17},
title={Information Dynamics in the Networked World},
publisher={Springer Berlin Heidelberg},
author={Huberman, Bernardo A. and Adamic, Lada A.},
pages={371-398}
}

@inproceedings{Chawla2012,
author = {Chawla, Sanjay and Zheng, Yu and Hu, Jiafeng},
title = {Inferring the Root Cause in Road Traffic Anomalies},
booktitle = {Proceedings of the 2012 IEEE 12th International Conference on Data Mining},
series = {ICDM '12},
year = {2012},
isbn = {978-0-7695-4905-7},
pages = {141--150},
numpages = {10},
doi = {10.1109/ICDM.2012.104},
acmid = {2472661},
publisher = {IEEE Computer Society},
address = {Washington, DC, USA},
keywords = {anomaly detection, road traffic, gps data, data mining},
}

@article{Li2014,
author = {{Li}, T. and {Chan}, C.~L. and {Huang}, W. and {Kaced}, T. and {Jaggi}, S.},
title = "{Group Testing with Prior Statistics}",
journal = {ArXiv e-prints},
archivePrefix = "arXiv",
eprint = {1401.3667},
primaryClass = "cs.IT",
keywords = {Computer Science - Information Theory},
year = 2014,
month = jan,
adsnote = {Provided by the SAO/NASA Astrophysics Data System}
}

@inproceedings{Zhang2011,
author = {Zhang, Daqing and Li, Nan and Zhou, Zhi-Hua and Chen, Chao and Sun, Lin and Li, Shijian},
title = {iBAT: Detecting Anomalous Taxi Trajectories from GPS Traces},
booktitle = {Proceedings of the 13th International Conference on Ubiquitous Computing},
series = {UbiComp '11},
year = {2011},
isbn = {978-1-4503-0630-0},
location = {Beijing, China},
pages = {99--108},
numpages = {10},
doi = {10.1145/2030112.2030127},
acmid = {2030127},
publisher = {ACM},
address = {New York, NY, USA},
keywords = {anomalous trajectory detection, gps trace, isolation-based anomaly detection, taxi},
}

@inproceedings{Zhang2012,
author = {Zhang, Jianting},
title = {Smarter Outlier Detection and Deeper Understanding of Large-scale Taxi Trip Records: A Case Study of NYC},
booktitle = {Proceedings of the ACM SIGKDD International Workshop on Urban Computing},
series = {UrbComp '12},
year = {2012},
isbn = {978-1-4503-1542-5},
location = {Beijing, China},
pages = {157--162},
numpages = {6},
doi = {10.1145/2346496.2346521},
acmid = {2346521},
publisher = {ACM},
address = {New York, NY, USA},
keywords = {high-performance, outlier detection, shortest path, taxi trip},
}

@inproceedings{Ge2011, 
author={Yong Ge and Hui Xiong and Chuanren Liu and Zhi-Hua Zhou}, 
booktitle={Data Mining (ICDM), 2011 IEEE 11th International Conference on}, 
title={A Taxi Driving Fraud Detection System}, 
year={2011}, 
month={Dec}, 
pages={181-190}, 
doi={10.1109/ICDM.2011.18}, 
ISSN={1550-4786},
}

@inproceedings{Liu2011,
author = {Liu, Wei and Zheng, Yu and Chawla, Sanjay and Yuan, Jing and Xing, Xie},
title = {Discovering Spatio-temporal Causal Interactions in Traffic Data Streams},
booktitle = {Proceedings of the 17th ACM SIGKDD International Conference on Knowledge Discovery and Data Mining},
series = {KDD '11},
year = {2011},
isbn = {978-1-4503-0813-7},
location = {San Diego, California, USA},
pages = {1010--1018},
numpages = {9},
doi = {10.1145/2020408.2020571},
acmid = {2020571},
publisher = {ACM},
address = {New York, NY, USA},
keywords = {frequent sub-structures, outlier causalities, spatio-temporal outliers, urban computing and planning},
}

@inproceedings{Pan2013,
author = {Pan, Bei and Zheng, Yu and Wilkie, David and Shahabi, Cyrus},
title = {Crowd Sensing of Traffic Anomalies Based on Human Mobility and Social Media},
booktitle = {Proceedings of the 21st ACM SIGSPATIAL International Conference on Advances in Geographic Information Systems},
series = {SIGSPATIAL'13},
year = {2013},
isbn = {978-1-4503-2521-9},
location = {Orlando, Florida},
pages = {334--343},
numpages = {10},
doi = {10.1145/2525314.2525343},
acmid = {2525343},
publisher = {ACM},
address = {New York, NY, USA},
keywords = {city dynamics, human as a sensor, human mobility, traffic anomaly},
}

@article{Dorfman1943,
ajournal={Ann. Math. Statist.},
author={Dorfman, Robert},
doi={10.1214/aoms/1177731363},
journal={The Annals of Mathematical Statistics},
month={12},
number={4},
pages={436--440},
publisher={The Institute of Mathematical Statistics},
title={The Detection of Defective Members of Large Populations},
volume={14},
year={1943},
}

@article{Mezard2008,
author={M. M\'{e}zard and M. Tarzia and C. Toninelli},
title={Statistical physics of group testing},
journal={Journal of Physics: Conference Series},
volume={95},
number={1},
pages={012019},
year={2008},
}

@article{Mezard2011, 
author={M\'{e}zard, M. and Toninelli, C.}, 
journal={Information Theory, IEEE Transactions on}, 
title={Group Testing With Random Pools: Optimal Two-Stage Algorithms}, 
year={2011}, 
month={March}, 
volume={57}, 
number={3}, 
pages={1736-1745},
doi={10.1109/TIT.2010.2103752}, 
ISSN={0018-9448},
}

@inproceedings{Hong2004, 
author={Yao-Win Hong and Scaglione, A.}, 
booktitle={Information Theory Workshop, 2004. IEEE}, 
title={On multiple access for distributed dependent sources: a content-based group testing approach}, 
year={2004}, 
month={Oct}, 
pages={298-303}, 
doi={10.1109/ITW.2004.1405318},
}

@techreport{Zheng2004,
author={Alice X. Zheng and Irina Rish and Alina Beygelzimer},
title={Entropy Approximation for Active Fault Diagnosis},
institution={IBM Research Division},
month={November},
year={2004},
number={RC23441 (W0411-168)},
}

@inproceedings{Zheng2005,
title={Efficient Test Selection in Active Diagnosis via Entropy Approximation},
author={Zheng, Alice X and Rish, Irina and Beygelzimer, Alina},
booktitle = {Proceedings of the 21th conference on Uncertainty in artificial intelligence},
series = {UAI '05},
year={2005},
publisher = {AUAI Press},
}

@techreport{Winick2002,
title={Inet-3.0: Internet topology generator},
author={Winick, Jared and Jamin, Sugih},
year={2002},
institution={University of Michigan},
number={CSE-TR-456-02},
}