@inproceedings{Chawla2012,
author = {Chawla, Sanjay and Zheng, Yu and Hu, Jiafeng},
title = {Inferring the Root Cause in Road Traffic Anomalies},
booktitle = {Proceedings of the 2012 IEEE 12th International Conference on Data Mining},
series = {ICDM '12},
year = {2012},
isbn = {978-0-7695-4905-7},
pages = {141--150},
numpages = {10},
url = {http://dx.doi.org/10.1109/ICDM.2012.104},
doi = {10.1109/ICDM.2012.104},
acmid = {2472661},
publisher = {IEEE Computer Society},
address = {Washington, DC, USA},
keywords = {anomaly detection, road traffic, gps data, data mining},
}

@article{Li2014,
author = {{Li}, T. and {Chan}, C.~L. and {Huang}, W. and {Kaced}, T. and {Jaggi}, S.},
title = "{Group Testing with Prior Statistics}",
journal = {ArXiv e-prints},
archivePrefix = "arXiv",
eprint = {1401.3667},
primaryClass = "cs.IT",
keywords = {Computer Science - Information Theory},
year = 2014,
month = jan,
adsurl = {http://adsabs.harvard.edu/abs/2014arXiv1401.3667L},
adsnote = {Provided by the SAO/NASA Astrophysics Data System}
}

@inproceedings{Zhang2011,
author = {Zhang, Daqing and Li, Nan and Zhou, Zhi-Hua and Chen, Chao and Sun, Lin and Li, Shijian},
title = {iBAT: Detecting Anomalous Taxi Trajectories from GPS Traces},
booktitle = {Proceedings of the 13th International Conference on Ubiquitous Computing},
series = {UbiComp '11},
year = {2011},
isbn = {978-1-4503-0630-0},
location = {Beijing, China},
pages = {99--108},
numpages = {10},
url = {http://doi.acm.org/10.1145/2030112.2030127},
doi = {10.1145/2030112.2030127},
acmid = {2030127},
publisher = {ACM},
address = {New York, NY, USA},
keywords = {anomalous trajectory detection, gps trace, isolation-based anomaly detection, taxi},
}

@inproceedings{Zhang2012,
author = {Zhang, Jianting},
title = {Smarter Outlier Detection and Deeper Understanding of Large-scale Taxi Trip Records: A Case Study of NYC},
booktitle = {Proceedings of the ACM SIGKDD International Workshop on Urban Computing},
series = {UrbComp '12},
year = {2012},
isbn = {978-1-4503-1542-5},
location = {Beijing, China},
pages = {157--162},
numpages = {6},
url = {http://doi.acm.org/10.1145/2346496.2346521},
doi = {10.1145/2346496.2346521},
acmid = {2346521},
publisher = {ACM},
address = {New York, NY, USA},
keywords = {high-performance, outlier detection, shortest path, taxi trip},
}

@inproceedings{Ge2011, 
author={Yong Ge and Hui Xiong and Chuanren Liu and Zhi-Hua Zhou}, 
booktitle={Data Mining (ICDM), 2011 IEEE 11th International Conference on}, 
title={A Taxi Driving Fraud Detection System}, 
year={2011}, 
month={Dec}, 
pages={181-190}, 
doi={10.1109/ICDM.2011.18}, 
ISSN={1550-4786},
}

@inproceedings{Liu2011,
author = {Liu, Wei and Zheng, Yu and Chawla, Sanjay and Yuan, Jing and Xing, Xie},
title = {Discovering Spatio-temporal Causal Interactions in Traffic Data Streams},
booktitle = {Proceedings of the 17th ACM SIGKDD International Conference on Knowledge Discovery and Data Mining},
series = {KDD '11},
year = {2011},
isbn = {978-1-4503-0813-7},
location = {San Diego, California, USA},
pages = {1010--1018},
numpages = {9},
url = {http://doi.acm.org/10.1145/2020408.2020571},
doi = {10.1145/2020408.2020571},
acmid = {2020571},
publisher = {ACM},
address = {New York, NY, USA},
keywords = {frequent sub-structures, outlier causalities, spatio-temporal outliers, urban computing and planning},
}

@inproceedings{Pan2013,
author = {Pan, Bei and Zheng, Yu and Wilkie, David and Shahabi, Cyrus},
title = {Crowd Sensing of Traffic Anomalies Based on Human Mobility and Social Media},
booktitle = {Proceedings of the 21st ACM SIGSPATIAL International Conference on Advances in Geographic Information Systems},
series = {SIGSPATIAL'13},
year = {2013},
isbn = {978-1-4503-2521-9},
location = {Orlando, Florida},
pages = {334--343},
numpages = {10},
url = {http://doi.acm.org/10.1145/2525314.2525343},
doi = {10.1145/2525314.2525343},
acmid = {2525343},
publisher = {ACM},
address = {New York, NY, USA},
keywords = {city dynamics, human as a sensor, human mobility, traffic anomaly},
}

@article{Dorfman1943,
ajournal={Ann. Math. Statist.},
author={Dorfman, Robert},
doi={10.1214/aoms/1177731363},
journal={The Annals of Mathematical Statistics},
month={12},
number={4},
pages={436--440},
publisher={The Institute of Mathematical Statistics},
title={The Detection of Defective Members of Large Populations},
url={http://dx.doi.org/10.1214/aoms/1177731363},
volume={14},
year={1943},
}

@article{Mezard2008,
author={M. M\'{e}zard and M. Tarzia and C. Toninelli},
title={Statistical physics of group testing},
journal={Journal of Physics: Conference Series},
volume={95},
number={1},
pages={012019},
url={http://stacks.iop.org/1742-6596/95/i=1/a=012019},
year={2008},
}

@article{Mezard2011, 
author={M\'{e}zard, M. and Toninelli, C.}, 
journal={Information Theory, IEEE Transactions on}, 
title={Group Testing With Random Pools: Optimal Two-Stage Algorithms}, 
year={2011}, 
month={March}, 
volume={57}, 
number={3}, 
pages={1736-1745},
doi={10.1109/TIT.2010.2103752}, 
ISSN={0018-9448},
}

@inproceedings{Hong2004, 
author={Yao-Win Hong and Scaglione, A.}, 
booktitle={Information Theory Workshop, 2004. IEEE}, 
title={On multiple access for distributed dependent sources: a content-based group testing approach}, 
year={2004}, 
month={Oct}, 
pages={298-303}, 
doi={10.1109/ITW.2004.1405318},
}

@techreport{Zheng2004,
author={Alice X. Zheng and Irina Rish and Alina Beygelzimer},
title={Entropy Approximation for Active Fault Diagnosis},
institution={IBM Research Division},
month={November},
year={2004},
number={RC23441 (W0411-168)},
}

@inproceedings{Zheng2005,
title={Efficient Test Selection in Active Diagnosis via Entropy Approximation},
author={Zheng, Alice X and Rish, Irina and Beygelzimer, Alina},
booktitle = {Proceedings of the 21th conference on Uncertainty in artificial intelligence},
series = {UAI '05},
year={2005},
publisher = {AUAI Press},
}

@techreport{Winick2002,
  title={Inet-3.0: Internet topology generator},
  author={Winick, Jared and Jamin, Sugih},
  year={2002},
  institution={University of Michigan},
  number={CSE-TR-456-02},
}